<?xml version="1.0" encoding="UTF-8"?><collection xmlns="http://www.loc.gov/MARC21/slim"><record><leader>00626nam--2200181-i-4500</leader><controlfield tag="001">000009365</controlfield><controlfield tag="002">20161230</controlfield><controlfield tag="005">20161230201028</controlfield><controlfield tag="008">060222s1000------------r-----000-0-eng-d</controlfield><datafield ind1=" " ind2=" " tag="040"><subfield code="a">IFIN-HH</subfield></datafield><datafield ind1=" " ind2=" " tag="080"><subfield code="a">531/534:533.2</subfield></datafield><datafield ind1="1" ind2=" " tag="100"><subfield code="a">Brundin, C.L</subfield></datafield><datafield ind1="1" ind2="0" tag="245"><subfield code="a">Rarefied gas dynamics</subfield><subfield code="b">Proceedings of the Fifth International Symposium on Rerefied Gas Dynamics, Held at the University of Oxford, 1966. Volume II. Supplement 4</subfield><subfield code="c">C.L. BRUNDIN (Ed.)</subfield></datafield><datafield ind1=" " ind2=" " tag="260"><subfield code="a">New York, Academic Press, 1967</subfield></datafield><datafield ind1=" " ind2=" " tag="300"><subfield code="a">XX +/881-1731/P.+9P</subfield></datafield><datafield ind1=" " ind2=" " tag="490"><subfield code="a">Advances In Applied Mechanics</subfield></datafield><datafield ind1=" " ind2=" " tag="852"><subfield code="a">12405</subfield><subfield code="c">533.7</subfield></datafield><datafield ind1=" " ind2=" " tag="CAT"><subfield code="a">Sys</subfield><subfield code="c">20100915</subfield><subfield code="h">095926</subfield></datafield></record></collection>